
@INPROCEEDINGS{abtahi11,
  AUTHOR =       {F. Abtahi and I. Fasel},
  TITLE =        {Deep belief nets as function approximators for reinforcement learning},
  BOOKTITLE =    {IEEE International Conference on Development and Learning and Epigenetic Robotics},
  YEAR =         {2011},
  address =      {Frankfurt, Germany},
}

@INPROCEEDINGS{achler09,
  AUTHOR =       {T. Achler and E. Amir},
  TITLE =        {Neuroscience and {AI} share the same elegant mathematical trap},
  BOOKTITLE =    {Proc 2009 Conf on Artificial General Intelligence},
  YEAR =         {2009},
}

@ARTICLE{albus75,
  AUTHOR =       {J. Albus},
  TITLE =        "{A new approach to manipulator control: Cerebellar model articulation controller (CMAC)}",
  JOURNAL =      {Journal of Dynamic Systems, Measurement and Control},
  YEAR =         {1975},
  volume =       {97},
  pages =        {220-227},
}

@ARTICLE{anderson93,
  AUTHOR =       {J. R. Anderson},
  TITLE =        {Problem solving and learning},
  JOURNAL =      {American Psychologist},
  YEAR =         {1993},
  volume =       {48},
  pages =        {35-44},
}

@INPROCEEDINGS{anderson95,
  AUTHOR =       {J. R. Anderson and B. E. John and M. A. Just and P. A. Carpenter and D. E. Kieras and D. E. Meyer},
  TITLE =        {Production system models of complex cognition},
  BOOKTITLE =    {Proceedings of the Seventeenth Annual Conference of the Cognitive Sdcience Society},
  YEAR =         {1995},
  pages =        {9-12},
  address =      {Hillsdale, NJ},
  publisher =    {Erlbaum Associates},
}

@ARTICLE{anderson96,
  AUTHOR =       {J. R. Anderson},
  TITLE =        "{ACT: A simple theory of complex cognition}",
  JOURNAL =      {American Psychologist},
  YEAR =         {1996},
  volume =       {51},
  pages =        {355-365},
}

@ARTICLE{anderson04,
  AUTHOR =       {J. R. Anderson and D. Bothell and M. D. Byrne and S. Douglass and C. Lebiere and Y. Qin},
  TITLE =        {An integrated theory of the mind},
  JOURNAL =      {Psychological Review},
  YEAR =         {2004},
  volume =       {111},
  number =       {4},
  pages =        {1036-1060},
}

@INPROCEEDINGS{arel09,
  AUTHOR =       {I. Arel and D. Rose and B. Coop},
  TITLE =        "{DeSTIN: A deep learning architecture with application to high-dimensional robust pattern recognition}",
  BOOKTITLE =    {Proc. AAAI Workshop Biologically Inspired Cognitive Architectures (BICA)},
  YEAR =         {2009},
}

@ARTICLE{arel10,
  AUTHOR =       {I. Arel and D. C. Rose and T. P. Karnowski},
  TITLE =        {Deep machine learning---A new frontier in artificial intelligence research},
  JOURNAL =      {IEEE Computational Intelligence Magazine},
  YEAR =         {2010},
  month =        {November},
}

@misc{asuncion09 ,
  author =       "A. Asuncion and D.J. Newman",
  year =         "2007",
  title =        "{UCI} Machine Learning Repository",
  note =          "http:// www.ics.uci.edu/$\sim$mlearn/{MLR}epository.html",
  institution =  "University of California, Irvine, School of Information and Computer Sciences"
}

@INPROCEEDINGS{atil10,
  AUTHOR =       {I. Atil and N. Dag and S. Kalkan and E. Sahin },
  TITLE =        {Affordances and Emergence of Concepts},
  BOOKTITLE =    {Proceedings of the Tenth International Conference on Epigenetic Robotics},
  YEAR =         {2010},
}

@MISC{auvsi09,
  author =       {AUVSI},
  title =        {AUVSI Unmanned Systems Online},
  year =         {2009},
  note =         {http://www.auvsi.org/ competitions/water.cfm, Accessed September 22, 2009},
}

@INBOOK{balkenius08,
  AUTHOR =       {C. Balkenius and S. Winberg},
  editor =       {A. Holst and P. Kreuger and P. Funk },
  TITLE =        {Tenth Scandinavian Conference on Artificial Intelligence (SCAI 2008)},
  CHAPTER =      {Fast Learning in an Actor-Critic Architecture with Reward and Punishment},
  pages =        {20-27},
  PUBLISHER =    {IOS Press},
  YEAR =         {2008},
  volume =       {173},
  series =       {Frontiers in Artificial Intelligence and Applications},
}

@ARTICLE{balkenius10,
  AUTHOR =       {C. Balkenius and J. Morén and B. Johansson and M. Johnsson},
  TITLE =        {Ikaros: Building Cognitive Models for Robots},
  JOURNAL =      {Advanced Engineering Informatics},
  YEAR =         {2010},
  volume =       {24},
  number =       {1},
  pages =        {40-48},
}

@INBOOK{baxter98,
  AUTHOR =       {J. Baxter},
  editor =       {S. Thrun and L. Pratt},
  TITLE =        {Learning to Learn},
  CHAPTER =      {Theoretical models of learning to learn},
  pages =        {71-94},
  PUBLISHER =    {Kluwer Academic Publishers},
  YEAR =         {1998},
}

@TECHREPORT{bayer04,
  AUTHOR =       {S. Bayer and L. Damianos and L. Hirschman and G. Strong},
  TITLE =        {A Summary of Previous Grand Challenge Proposals for Cognitive Systems},
  INSTITUTION =  {The MITRE Corporation},
  YEAR =         {2004},
  month =        {September},
  note =         {Version 1.5, Prepared for DARPA IPTO, http://www.dtic.mil/cgi-bin/GetTRDoc?Location=U2\&doc=GetTRDoc.pdf\&AD=ADA458170  Accessed: February 25, 2010},
}

@ARTICLE{beeson10,
  AUTHOR =       {P. Beeson and J. Modayil and B. Kuipers},
  TITLE =        {Factoring the Mapping Problem: Mobile Robot Map-building in the Hybrid Spatial Semantic Hierarchy},
  JOURNAL =      {The International Journal of Robotics Research},
  YEAR =         {2010},
  volume =       {29},
  number =       {4},
  pages =        {428-459},
}

@ARTICLE{begleiter04,
  AUTHOR =       {R. Beleiter and R. El-Yaniv and G. Yona},
  TITLE =        {On prediction using variable order Markov models},
  JOURNAL =      {Journal of Artificial Intelligence Research},
  YEAR =         {2004},
  volume =       {22},
  pages =        {385-421},
}

@BOOK{bellman57,
  AUTHOR =       {R. E. Bellman},
  TITLE =        {Dynamic Programming},
  PUBLISHER =    {Princeton University Press},
  YEAR =         {1957},
  address =      {Princeton, NJ},
}

@ARTICLE{bentley75,
  AUTHOR =       {J. L. Bentley},
  TITLE =        {Multidimensional binary search trees used for associative searching},
  JOURNAL =      {Comm. ACM},
  YEAR =         {1975},
  volume =       {18},
  pages =        {509-517},
}

@MISC{blinman09,
  AUTHOR =       {N. Blinman},
  title =        {50 things to do with a house brick},
  year =         {2009},
  notes =        {http://www.blinman.com/brick.htm, Accessed Aug 27, 2009.  Written by friends and admirers of N. Blinman.},
}

@INPROCEEDINGS{blythe89,
  AUTHOR =       {J. Blythe and T. Mitchell},
  TITLE =        {On becoming reactive},
  BOOKTITLE =    {Proceedings of the Sixth International Machine Learning Workshop},
  YEAR =         {1989},
  pages =        {255-259},
  publisher =    {Morgan Kaufmann},
}

@ARTICLE{brachman06,
  AUTHOR =       {R. J. Brachman},
  TITLE =        {(AA)AI more than the sum of its parts},
  JOURNAL =      {AI Magazine},
  YEAR =         {2006},
  volume =       {27},
  number =       {4},
  pages =        {19-34},
}

@BOOK{breiman84,
  AUTHOR =       {L. Breiman and J. H. Friedman and R. A. Olshen and C. J. Stone},
  TITLE =        {Classification and Regression Trees},
  PUBLISHER =    {Wadsworth International Group},
  YEAR =         {1984},
  address =      {Belmont, California},
}

@BOOK{brentano74,
  AUTHOR =       {F. Brentano},
  TITLE =        {Psychology from an Empirical Standpoint (Psychologie vom empirischen Standpunkt)},
  PUBLISHER =    {Verlag von Duncker and Humblot},
  YEAR =         {1874},
  address =      {Liepzig},
  note=          {http://books.google.com/books?id=\\AyUAAAAAQAAJ\&oe=UTF-8},
}

@ARTICLE{brodley95,
  AUTHOR =       {C. E. Brodley and P. E. Utgoff},
  TITLE =        {Multivariate decision trees},
  JOURNAL =      {Machine Learning},
  YEAR =         {1995},
  volume =       {19},
  pages =        {45-77},
}

@INBOOK{brooks90,
  AUTHOR =       {R. A. Brooks},
  editor =       {P. Maes},
  TITLE =        {Designing Autonomous Agents: Theory and Practice from Biology to Engineering and Back},
  CHAPTER =      {Elephants don't play chess},
  pages =        {3-15},
  PUBLISHER =    {MIT Press},
  YEAR =         {1990},
  volume =       {6},
  series =       {Robotics and Autonomous Systems},
  address =      {Cambridge, Massachusetts},
}

@ARTICLE{cangelosi10,
  AUTHOR =       {A. Cangelosi and G. Metta and G. Sagerer and S. Nolfi and C. L. Nehaniv and K. Fischer and J. Tani and B. Belpaeme and G. Sandini and L. Fadiga and B. Wrede and K. Rohlfing and E. Tuci and K. Dautenhahn and J. Saunders and A. Zeschel},
  TITLE =        {Integration of action and language knowledge: A roadmap for developmental robotics},
  JOURNAL =      {IEEE Transactions on Autonomous Mental Development},
  YEAR =         {2010},
  volume =       {2},
  number =       {3},
  pages =        {167-195},
}

@ARTICLE{carbonell91,
  AUTHOR =       {J. Carbonell and O. Etzioni and Y. Gil and R. Joseph and C. Knoblock and S. Minton and M. Veloso},
  TITLE =        "{PRODIGY: an integrated architecture for planning and learning}",
  JOURNAL =      {ACM SIGART Bulletin},
  YEAR =         {1991},
  volume =       {2},
  number =       {4},
  pages =        {51-55},
  month =        {August},
}

@INPROCEEDINGS{carbonell06,
  AUTHOR =       {J. Carbonell and S. Klein and D. Miller and M. Steinbaum and T. Grassiany and J. Frey},
  TITLE =        {Context-based machine translation},
  BOOKTITLE =    {Proceedings of the 7th Conference of the Association for Machine Translation in the Americas},
  YEAR =         {2006},
  pages =        {19-28},
  address =      {Cambridge},
  month =        {August},
}

@ARTICLE{carpenter87,
  AUTHOR =       {G. Carpenter and S. Grossberg},
  TITLE =        {A massive parallel architecture for a self-organizing neural pattern recognition machine},
  JOURNAL =      {Computer Vision, Graphics, and Image Processing},
  YEAR =         {1987},
  volume =       {37},
  number =       {1},
  pages =        {54-115},
}

@TECHREPORT{carpenter05,
  AUTHOR =       {R. Carpenter and J. Freeman},
  TITLE =        {Computing machinery and the individual: {The Personal Turing Test}},
  INSTITUTION =  {Jabberwacky},
  YEAR =         {2005},
  note =         {http://www.jabberwacky.com/personaltt, Accessed September 22, 2009},
}

@INBOOK{caruana98,
  AUTHOR =       {R. Caruana},
  editor =       {S. Thrun and L. Pratt},
  TITLE =        {Learning to Learn},
  CHAPTER =      {Multitask learning},
  pages =        {95-134},
  PUBLISHER =    {Kluwer Academic Publishers},
  YEAR =         {1998},
}

@INPROCEEDINGS{chapman91,
  AUTHOR =       {D. Chapman and L. P. Kaelbling},
  TITLE =        {Input generalization in delayed reinforcement learning},
  BOOKTITLE =    {Proceedings of the Twelfth International Joint Conference on Artificial Intelligence (IJCAI-91)},
  YEAR =         {1991},
  pages =        {726-731},
}

@MISC{chapman12Code,
  author =       {M. Chapman},
  title =        "{BECCA home page}",
  howpublished = {http://www.openbecca.org},
  year =         {2012},
}

@ARTICLE{choe07,
  AUTHOR =       {Y. Choe and H.-F. Yang and D. C. Eng},
  TITLE =        {Autonomous learning of the semantics of internal sensory states based on motor exploration},
JOURNAL=    {International Journal of Humanoid Robotics},
  YEAR =         {2007},
  volume =       {4},
  pages =        {211-243},
}

@ARTICLE{cohen05,
  AUTHOR =       {P. R. Cohen},
  TITLE =        {If not Turing's test, then what?},
  JOURNAL =      {AI Magazine},
  YEAR =         {2005},
  volume =       {26},
  number =       {4},
  pages =        {61-67},
}

@MISC{coroware09,
  author =       {{CoroWare Inc.}},
  title =        {{The CoroWare CoroBot}},
  year =         {2007},
  note =         {http://www.corobot.net/, Accessed September 22, 2009},
}

@INPROCEEDINGS{cuccu11,
  AUTHOR =       {G. Cuccu and M. Luciw and J. Schmidhuber and F. Gomez},
  TITLE =        {Intrinsically motivated neuroevolution for vision-based reinforcement learning},
  BOOKTITLE =    {International Conference on Development and Learning and Epigenetic Robotics},
  YEAR =         {2011},
}

@MISC{darpa07,
  author =       {DARPA},
  title =        {DARPA Urban Challenge},
  year =         {2007},
  note =         {http://www.darpa.mil/grandchallenge/index.asp, Accessed September 22, 2009},
}

@INPROCEEDINGS{dean05,
  AUTHOR =       {T. Dean},
  TITLE =        {A computational model of the cerebral cortex},
  BOOKTITLE =    {Proceedings of the Twentieth National Conference on Aritifical Intelligence (AAAI-05)},
  YEAR =         {2005},
  pages =        {938-943},
  address =      {Cambridge, MA},
}

@TECHREPORT{dean05a,
  AUTHOR =       {T. Dean},
  TITLE =        {Heirarchical expectation refinement for learning generative perception models},
  INSTITUTION =  {Brown University Department of Computer Science},
  YEAR =         {2005},
  number =       {CS-05-13},
}

@INPROCEEDINGS{dean06,
  AUTHOR =       {T. Dean},
  TITLE =        {Scalable inference in hierarchical generative models},
  BOOKTITLE =    {Proceedings of the Ninth International Symposium on Artificial Intelligence and Mathematics},
  YEAR =         {2006},
}

@BOOK{devroye96,
  AUTHOR =       {L. Devroye and L. Gy\"{o}rfi and G Lugosi},
  TITLE =        {A Probabalistic Theory of Pattern Recognition},
  PUBLISHER =    {Springer-Verlag},
  YEAR =         {1996},
  number =       {31},
  series =       {Applications of Mathematics: Stochastic Modeling and Applied Probability},
  address =      {New York},
}

@TECHREPORT{dillman04,
  AUTHOR =       {R. Dillman},
  TITLE =        {{KA 1.10 Benchmarks for Robotics Research}},
  INSTITUTION =  {University of Karlsruhe},
  YEAR =         {2004},
  month =        {April},
  note =         {Sponsored: European Robotics Research Network},
}

@ARTICLE{doya02,
  AUTHOR =       {K. Doya and K. Samejima and K. Katagiri and M. Kawato},
  TITLE =        {Multiple model-based reinforcement learning},
  JOURNAL =      {Neural Computation},
  YEAR =         {2002},
  volume =       {14},
  number =       {6},
  pages =        {1347-1369},
}

@INBOOK{duch08,
  AUTHOR =       {W. Duch and R. J. Oentaryo and M. Pasquier},
  _editor =       {P. Wang and B. Goerztel and S. Franklin},
  TITLE =        {Frontiers in Artificial Intelligence Applications},
  CHAPTER =      {Cognitive architectures: Where do we go from here?},
  pages =        {122-136},
  PUBLISHER =    {IOS Press},
  YEAR =         {2008},
  volume =       {171},
}

@BOOK{duda01,
  AUTHOR =       {R. O. Duda and P. E. Hart and D. G. Stork},
  TITLE =        {Pattern Classification},
  PUBLISHER =    {Wiley Interscience},
  YEAR =         {2001},
  edition =      {Second},
}

@ARTICLE{eichenbaum99,
  AUTHOR =       {H. Eichenbaum and P. Dudchenko and E. Wood and M. Shapiro and H. Tanila},
  TITLE =        {The hippocampus, memory, and place cells: Is it spatial memory or memory space?},
  JOURNAL =      {Neuron},
  YEAR =         {1999},
  volume =       {23},
  pages =        {209-226},
}

@INPROCEEDINGS{elio93,
  AUTHOR =       {R. Elio and F. J. Pelletier},
  TITLE =        {Human benchmarks on {AI}'s benchmark problems},
  BOOKTITLE =    {Proc 15th Congress of the Cognitive Science Society},
  YEAR =         {1993},
  pages =        {406-411},
  address =      {Boulder, CO},
}

@INPROCEEDINGS{fasel10,
  AUTHOR =       {I. Fasel and A. Wilt and N. Mafi and C. Morrison},
  TITLE =        {Intrinsically Motivated Information Foraging},
  BOOKTITLE =    {Proceedings of the 2010 International Conference on Development and Learning},
  YEAR =         {2010},
}

@INPROCEEDINGS{fasel10b,
  AUTHOR =       {I. Fasel and J. Berry},
  TITLE =        {Deep Belief Networks for Real-Time Extraction of Tongue Contours from Ultrasound During Speech},
  BOOKTITLE =    {Proceedings of the International Conference on Pattern Recognition (ICPR)},
  YEAR =         {2010},
}

@ARTICLE{fernandez08,
  AUTHOR =       {F. Fernández and D. Borrajo},
  TITLE =        {Two steps reinforcement learning},
  JOURNAL =      {International Journal of Intelligent Systems},
  YEAR =         {2008},
  volume =       {23},
  number =       {2},
  pages =        {213-245},
}

@MISC{fira09,
  author =       {FIRA},
  title =        {{Federation of International Robosoccer Association Homepage}},
  year =         {2009},
  note =         {http://www.fira.net/, Accessed September 22, 2009},
}

@ARTICLE{fisher87,
  AUTHOR =       {D. H. Fisher},
  TITLE =        {Knowledge acquisition via incremental conceptual clustering},
  JOURNAL =      {Machine Learning},
  YEAR =         {1987},
  volume =       {2},
  pages =        {139-172},
}

@INBOOK{gat98,
  AUTHOR =       {E. Gat},
  editor =       {D. Kortenkamp and R.P. Bonasso and R. Murphy},
  TITLE =        {Artificial Intelligence and Mobile Robots: Case Studies of Successful Robot Systems},
  CHAPTER =      {Three-layer architectures},
  pages =        {195-210},
  PUBLISHER =    {AAAI Press/MIT Press},
  YEAR =         {1998},
  address =      {Menlo Park, CA/Cambridge, MA},
}

@INPROCEEDINGS{george05,
  AUTHOR =       {D. George and J. Hawkins},
  TITLE =        {A hierarchical Bayesian model of invariant pattern recognition in the visual cortex},
  BOOKTITLE =    {Proceedings of the IEEE Intl Joint Conference on Neural Networks},
  YEAR =         {2005},
  volume =       {3},
  pages =        {1812-1817},
  month =        {31 July-4 Aug},
}

@ARTICLE{geva93,
  AUTHOR =       {S. Geva and J. Sitte},
  TITLE =        {A cart-pole experiment for trainable controllers},
  JOURNAL =      {IEEE Control Systems Magazine},
  YEAR =         {1993},
  volume =       {13},
  pages =        {40-51},
}

@Article{gho88,
  author =   {Gho, M. and Varela, F. J.},
  title =    {A quantitative assessment of the dependency of the visual temporal frame upon the cortical rhythm},
  journal =      {J Physiol. Paris},
  year =     1988,
  volume =   83,
  pages =    {95-101}
}

@ARTICLE{gilbert06,
  AUTHOR =       {N. Gilbert and M. den Besten and A. Bontovics and B. G. W. Craenen and
  F. Divina and A. E. Eiben and R. Griffioen and G. H\'{e}v\'{i}zi and A. L\^{o}rincz and
  B. Paechter and S. Schuster and M. C. Schut and C. Tzolov and P. Vogt and L. Yang},
  TITLE =        {Emerging artificial societies through learning},
  JOURNAL =      {Journal of Artificial Societies and Social Simulation},
  YEAR =         {2006},
  volume =       {9},
  number =       {2},
}

@INPROCEEDINGS{gisslen11,
  AUTHOR =       {L. Gisslen and M. Luciw and V. Graziano and J. Schmidhuber},
  TITLE =        {Sequential constant size compressors for reinforcement learning},
  BOOKTITLE =    {Proceedings of the Fourth Conference on Artificial General Intelligence},
  YEAR =         {2011},
}

@BOOK{goertzel07,
  AUTHOR =       {B. Goertzel and C. {Pennachin, Eds.}},
  TITLE =        {Artificial General Intelligence},
  PUBLISHER =    {Springer},
  YEAR =         {2007},
}

@TECHREPORT{goertzel08,
  AUTHOR =       {B. Goertzel and I. Arel and M. Scheutz},
  TITLE =        {Toward a roadmap for human-level artificial general intelligence: Embedding {HLAI} systems in broad, approachable, physical or virtual contexts},
  INSTITUTION =  {Artificial General Intelligence Roadmap Initiative},
  YEAR =         {2009},
  note =          {http://www.agi-roadmap.org/images/HLAIR.pdf.  Accessed September 21, 2009},
}

@techreport{griffin07,
  Author =      {G. Griffin and A. Holub and P. Perona},
  Title =       {Caltech-256 Object Category Dataset},
  Institution = {California Institute of Technology},
  Year =        {2007},
  note =         {http://authors.library.caltech.edu/7694},
  Number =      {7694}
}

@ARTICLE{gross02,
  AUTHOR =       {J. Gross and L. Timmermann and J. Kujala and M. Dirks and F. Schmitz and R. Salmelin and A. Schnitzler},
  TITLE =        {The neural basis of intermittent motor control in humans},
  JOURNAL =      {Proceedings of the National Academy of Science},
  YEAR =         {2002},
  volume =       {99},
  number =       {4},
  pages =        {2299-2302},
  month =        {February},
}

@ARTICLE{guyon03,
  AUTHOR =       {I. Guyon and A. Elisseeff},
  TITLE =        {An introduction to variable and feature selection},
  JOURNAL =      {Journal of Machine Learning Research},
  YEAR =         {2003},
  volume =       {3},
  pages =        {1157-1182},
}

@ARTICLE{guyon07,
  AUTHOR =       {I. Guyon and J. Li and T. Mader and P. A. Pletscher and G. Schneider and M. Uhr},
  TITLE =        {Competitive baseline methods set new standards for the NIPS 2003 feature selection benchmark},
  JOURNAL =      {Pattern Recognition Letters},
  YEAR =         {2007},
  volume =       {28},
  pages =        {1438-1444},
}

@ARTICLE{harnad90,
  AUTHOR =       {S. Harnad},
  TITLE =        {The symbol grounding problem},
  JOURNAL =      {Physica D},
  YEAR =         {1990},
  volume =       {42},
  pages =        {335-346},
}

@ARTICLE{harnad91,
  AUTHOR =       {S. Harnad},
  TITLE =        {Other bodies, other minds: A machine incarnation of an old philisophical problem},
  JOURNAL =      {Minds and Machines},
  YEAR =         {1991},
  volume =       {1},
  pages =        {43-54},
}

@BOOK{hawkins04,
  AUTHOR =       {J. Hawkins and S. Blakeslee},
  TITLE =        {On Intelligence},
  PUBLISHER =    {Times Books},
  YEAR =         {2004},
}

@TECHREPORT{hawkins06,
  AUTHOR =       {J. Hawkins and D. George},
  TITLE =        {Hierarchical Temporal Memory},
  INSTITUTION =  {Numenta Inc.},
  YEAR =         {2006},
  type =         {Technical White Paper},
  note =         {http://numenta.com/Numenta\_HTM\_Concepts.pdf, Accessed January 7, 2008},
}

@MISC{hawkins06a,
  author =       {J. Hawkins},
  title =        {Hierarchical Temporal Memory: Theory and implementation},
  year =         {2006},
  note =         {http://video.google.com/videoplay?docid=-2500845581503718756, Lecture 4 of 12 of IBM Research's Almaden Institute Conference on Cognitive Computing.},
}

@TECHREPORT{hawkins11,
  AUTHOR =       {J. Hawkins and S. Ahmad and D. Dubinsky},
  TITLE =        {Hierarchical Temporal Memory},
  INSTITUTION =  {Numenta},
  YEAR =         {2011},
  month =        {Sep 12},
  note =         {version 0.2.1},
}

@TECHREPORT{hechtnilsen05,
  AUTHOR =       {R. Hecht--Nilsen},
  TITLE =        {Confabulation Theory},
  INSTITUTION =  {Instistute for Neural Computation, University of California, San Diego},
  YEAR =         {2005},
  number =       {0501},
  month =        {27 Sept},
  note =         {http://crl.ucsd.edu/\textasciitilde{}lpalacio/05.01.pdf, Accessed 3 Jan 2008},
}

@ARTICLE{hess62,
  AUTHOR =       {H. Hess},
  TITLE =        {History of ocean basins},
  JOURNAL =      {Petrologic Studies: A Volume to Honor A.F
Buddington, Geologic Society of America},
  YEAR =         {1962},
  pages =        {599-620},
}

@ARTICLE{hinton06,
  AUTHOR =       {G. E. Hinton and S. Osindero and Y. Teh},
  TITLE =        {A fast learning algorithm for deep belief nets},
  JOURNAL =      {Neural Computation},
  YEAR =         {2006},
  volume =       {18},
  pages =        {1527-1554},
}

@INBOOK{hofstadter95,
  AUTHOR =       {D. R. Hofstadter and M. Mitchell},
  TITLE =        {Fluid Concepts and Creative Analogies},
  CHAPTER =      {5. The Copycat project: A model of mental fluidity and analogy-making},
  pages =        {205-267},
  PUBLISHER =    {Basic Books},
  YEAR =         {1995},
}

@article{hofsten91,
  author =   {C. von Hofsten},
  title =    {Structuring of early reaching movements: A longitudinal study},
  journal =      {Journal of Motor Behavior},
  year =     1991,
  volume =   23,
  number =   4,
  pages =    {280-292},
  notes =    {infants' reaching}
}

@ARTICLE{houk05,
  AUTHOR =       {J. C. Houk},
  TITLE =        {Agents of the mind},
  JOURNAL =      {Biological Cybernetics},
  YEAR =         {2005},
  volume =       {92},
  pages =        {427-437},
}

@ARTICLE{hubel62,
  AUTHOR =       {D. H. Hubel and T. N. Wiesel},
  TITLE =        {Receptive fields, binocular interaction and functional architecture in the cat's visual cortex},
  JOURNAL =      {Journal of Physiology},
  YEAR =         {1962},
  volume =       {160},
  pages =        {106-154},
}

@INPROCEEDINGS{hulet05,
  AUTHOR =       {S. Hulet and B. Rohrer and S. Warnick},
  TITLE =        {A study in pattern assimilation for adaptation and control},
  BOOKTITLE =    {8th Joint Conference on Information Systems},
  YEAR =         {2005},
}

@BOOK{hutter05,
  AUTHOR =       {M. Hutter},
  TITLE =        {Universal Artificial Intelligence: Sequential Decisions Based on Algorithmic Probability},
  PUBLISHER =    {Springer-Verlag},
  YEAR =         {2005},
  address =      {Berlin Heidelberg},
}

@ARTICLE{intrator96,
  AUTHOR =       {N. Intrator and S. Edelman},
  TITLE =        {Making a low-dimensional representation suitable for diverse tasks},
  JOURNAL =      {Connection Science},
  YEAR =         {1996},
  volume =       {8},
  number =       {2},
}

@ARTICLE{jaccard1901,
  AUTHOR =       {P. Jaccard},
  TITLE =        {\'{E}tude comparative de la distribution florale dans une portion des Alpes de des Jura},
  JOURNAL =      {Bulletin del la Soci\'{e}t\'{e} Vaudoise des Sciences Naturelles},
  YEAR =         {1901},
  volume =       {37},
  pages =        {547-579},
}

@Book{james90,
  author =   {W. James},
  title =    {The Principles of Psychology},
  publisher =    {New York: Dover Publications},
  year =     {1890}
}

@ARTICLE{kaelbling96,
  AUTHOR =       {L. P. Kaelbling and M. L. Littman and A. W. Moore},
  TITLE =        {Reinforcement Learning: A Survey},
  JOURNAL =      {Journal of Artifical Intelligence Research},
  YEAR =         {1996},
  volume =       {4},
  pages =        {237-285},
}

@ARTICLE{kavraki96,
  AUTHOR =       {L. E. Kavraki and P. Svestka and J.-C. Latombe and M. H. Overmars},
  TITLE =        {Probabalistic roadmaps for path planning in high-dimensional configuration spaces},
  JOURNAL =      {IEEE Transactions on Robotics and Automation},
  YEAR =         {1996},
  volume =       {12},
  number =       {4},
  pages =        {566-580},
}

@MISC{kennedy61,
  author =       {J. F. Kennedy},
  title =        {Man on the Moon Address},
  year =         {1961},
  note =         {http://www.homeofheroes.com/ presidents/speeches/kennedy\_space.html, Accessed September 22, 2009},
}

@INPROCEEDINGS{kennedy06,
  AUTHOR =       {W. G. Kennedy and J. G. Trafton},
  TITLE =        "{Long-term learning in Soar and ACT-R}",
  BOOKTITLE =    {Proceedings of the Seventh International Conference on Cognitive Modeling},
  YEAR =         {1990},
  pages =        {166-171},
  address =      {Trieste, Italy},
}

@INPROCEEDINGS{kerkez01,
  AUTHOR =       {B. Kerkez and M. T. Cox},
  TITLE =        {Case-based plan recognition using state indices},
  BOOKTITLE =    {Proceedings of the 4th International Conference on Case-Based Reasoning},
  YEAR =         {2001},
  editor =       {D. W. Aha and I. Watson},
  pages =        {227-242},
  address =      {Berlin},
  publisher =    {Springer},
}

@UNPUBLISHED{kieras96,
  AUTHOR =       {D. E. Kieras and D. E. Meyer},
  TITLE =        "{The EPIC Architecture: Principles of Operation}",
  NOTE =         {Unpublished manuscript from ftp://ftp.eecs.umich.edu/people/kieras/EPICarch.ps},
  year =         {1996},
}

@ARTICLE{kieras97,
  AUTHOR =       {D. E. Kieras and D. E. Meyer},
  TITLE =        "{An overview of the EPIC architecture for cognition and performance with application to human-computer interaction}",
  JOURNAL =      {Human-Computer Interaction},
  YEAR =         {1997},
  volume =       {12},
  pages =        {391-438},
}

@PHDTHESIS{kochenderfer06,
  AUTHOR =       {M. J. Kochenderfer},
  TITLE =        {Adaptive Modelling and Planning for Learning Intelligent Behaviour},
  SCHOOL =       {University of Edinburgh, School of Informatics},
  YEAR =         {2006},
}

@INPROCEEDINGS{kokinov94,
  AUTHOR =       {B. N. Kokinov},
  TITLE =        "{The context-sensitive cognitive architecture DUAL}",
  BOOKTITLE =    {Proceedings of the Sixteenth Annual Conference of the Cognitive Science Society},
  YEAR =         {1994},
}

@INPROCEEDINGS{kokinov94a,
  AUTHOR =       {B. N. Kokinov},
  TITLE =        "{The DUAL cognitive architechture: A hybrid multi-agent approach}",
  BOOKTITLE =    {Proceedings of the Eleventh European Conference on Artificial Intelligence},
  YEAR =         {1994},
  publisher =    {John Wiley and Sons},
}

@Article{krebs99,
  author =   {H. I. Krebs and M. L. Aisen and B. T. Volpe and N. Hogan},
  title =    {Quantization of continuous arm movements in humans with brain injury},
  journal =      {Proceedings of the National Academy of Science},
  year =     1999,
  volume =   96,
  month =    {April},
  pages =    {4645-9},
  note =     {Neurobiology}
}

@INBOOK{labov73,
  AUTHOR =       {W. Labov},
  editor =       {C. J. Baily and R. Shuy},
  TITLE =        {New ways of analyzing variations in English},
  CHAPTER =      {The boundaries of words and their meanings},
  pages =        {340-373},
  PUBLISHER =    {Georgetown Univeristy Press},
  YEAR =         {1973},
  address =      {Washington D. C.},
}

@MISC{laird06,
  author =       {J. E. Laird and C. B. Congdon},
  title =        {The Soar User's Manual},
  note =         {http://ai.eecs.umich.edu/soar/sitemaker/docs/manuals/Soar8Manual.pdf},
  year =         {2006},
}

@INPROCEEDINGS{laird09,
  AUTHOR =       {J. E. Laird and R. E. {Wray III} and R. P. {Marinier III} and P. Langley},
  TITLE =        {Claims and challenges in evaluating human-level intelligent systems},
  BOOKTITLE =    {Proceedings of the 2009 Conference on Artificial General Intelligence},
  YEAR =         {2009},
  publisher =    {Atlantis Press},
}

@BOOK{lakoff99,
  AUTHOR =       {G. Lakoff and M. Johnson},
  TITLE =        {Philosophy in the Flesh: The Embodied Mind and its Challenges to Western Thought},
  PUBLISHER =    {Basic Books},
  YEAR =         {1999},
  address =      {New York},
}

@ARTICLE{landauer97,
  AUTHOR =       {T. K. Landauer and S. T. Dumais},
  TITLE =        {A solution to Plato's problem: The latent semantic analysis theory of acquisition, induction, and representation of knowledge},
  JOURNAL =      {Psychological Review},
  YEAR =         {1997},
  volume =       {104},
  pages =        {211-240},
}

@ARTICLE{landauer98,
  AUTHOR =       {T. K. Landauer and P. W. Foltz and D. Laham},
  TITLE =        {Introduction to Latent Semantic Analysis},
  JOURNAL =      {Discourse Processes},
  YEAR =         {1998},
  volume =       {25},
  pages =        {259-284},
}

@INPROCEEDINGS{lange10,
  AUTHOR =       {S. Lange and M. Reidmiller},
  TITLE =        {Deep auto-encoder neural networks in reinforcement learning},
  BOOKTITLE =    {Proc International Joint Conference on Neural Networks},
  YEAR =         {2010},
}

@INPROCEEDINGS{lebiere93,
  AUTHOR =       {C. Lebiere and J. R. Anderson},
  TITLE =        "{A connectionist implementation of the ACT-R production system}",
  BOOKTITLE =    {Proceedings of the Fifteenth Annual Conference of the Cognitive Science Society},
  YEAR =         {1993},
  pages =        {635-640},
}

@INPROCEEDINGS{lebiere09,
  AUTHOR =       {C. Lebiere and C. Gonzales and W. Warwick},
  TITLE =        "{A comparative approach to understanding general intelligence: Predicting cognitive performance in an open-ended dynamic task}",
  BOOKTITLE =    {Proceedings of the Second Conference on Artificial General Intelligence},
  YEAR =         {2009},
  publisher =    {Atlantis Press},
}

@ARTICLE{lebowitz87,
  AUTHOR =       {M. Lebowitz},
  TITLE =        {Experiments with incremental concept formation: UNIMEM},
  JOURNAL =      {Machine Learning},
  YEAR =         {1987},
  volume =       {2},
  pages =        {103-138},
}

@ARTICLE{lecun98,
  AUTHOR =       { Y. LeCun and L. Bottou and Y. Bengio and P. Haffner},
  TITLE =        {Gradient-based learning applied to document recognition},
  JOURNAL =      {Proc. IEEE},
  YEAR =         {1998},
  volume =       {86},
  number =       {11},
  pages =        {2278-2324},
}

@ARTICLE{legenstein10,
  AUTHOR =       {R. Legenstein and N. Wilbert amd L. Wiskott},
  TITLE =        {Reinforcement learning on slow features of high-dimensional input streams},
  JOURNAL =      {PLoS Computational Biology},
  YEAR =         {2010},
  volume =       {6},
  number =       {8},
  pages =        {e1000894},
}

@MISC{lego09,
  author =       {{The LEGO Group}},
  title =        {{The Official Web Site of LEGO(R) Products}},
  year =         {2009},
  note =         {http://www.lego.com/, Accessed September 22, 2009},
}

@MISC{lehman06,
  author =       {J. F. Lehman and J. Laird and P. Rosenbloom},
  title =        {A Gentle Introduction to Soar, an Architecture for Human Cognition: 2006 Update},
  year =         {2006},
  note =         {http://ai.eecs.umich.edu/soar/sitemaker/docs/misc/GentleIntroduction-2006.pdf},
}

@BOOK{levinson05,
  AUTHOR =       {S. E. Levinson},
  TITLE =        {Mathematical Models for Speech Technology},
  PUBLISHER =    {John Wiley and Sons},
  YEAR =         {2005},
  address =      {Chichester, England},
  note =         {pp. 238-239},
}

@BOOK{lewis29,
  AUTHOR =       {C. I. Lewis},
  TITLE =        {Mind and the World Order},
  PUBLISHER =    {Scribner's Sons},
  YEAR =         {1929},
  address =      {New York},
}

@MISC{livingston09,
  author =       {S. Livingston and I. Arel},
  title =        {{AGI} Roadmap},
  year =         {2009},
  note =         {http://agi-roadmap.org/, Accessed September 22, 2009},
}

@INPROCEEDINGS{lund95,
  AUTHOR =       {K. Lund and C. Burgess and R. A. Atchley},
  TITLE =        {Semantic and associative priming in a high-dimensional semantic space},
  BOOKTITLE =    {Proceedings of the Seventeenth Annual Meeting of the Cognitive Science Science Society},
  address =      {Hillsdale, NJ},
  pages =        {660-665},
  PUBLISHER =    {Erlbaum},
  YEAR =         {1995},
}

@ARTICLE{lund96,
  AUTHOR =       {K. Lund and C. Burgess},
  TITLE =        {Producing high-dimensional semantic spaces from lexical co-occurrence},
  JOURNAL =      {Behavior Research Methods, Instruments and Computers},
  YEAR =         {1995},
  volume =       {28},
  number =       {2},
  pages =        {203-208},
}

@INBOOK{maclin98,
  AUTHOR =       {R. Maclin and J. W. Shavlik},
  editor =       {S. Thrun and L. Pratt},
  TITLE =        {Learning to Learn},
  CHAPTER =      {Creating advice-taking reinforcement learners},
  pages =        {311-347},
  PUBLISHER =    {Kluwer Academic Publishers},
  YEAR =         {1998},
}

@INPROCEEDINGS{maei10,
  AUTHOR =       {H. R. Maei and R. S. Sutton},
  TITLE =        {GQ(lamda): A general gardient algorithm for temporal-difference prediction learning with eligibility traces},
  BOOKTITLE =    {Proceedings of the International Conference on Artificial General Intelligence},
  YEAR =         {2010},
  address =      {Lugano, Switzerland},
}

@INPROCEEDINGS{mahadevan91,
  AUTHOR =       {S. Mahadevan and J. Connell},
  TITLE =        {Automatice programming of behavior-based robots using reinforcement learning},
  BOOKTITLE =    {Proceedings of the Ninth National CConference on Artificial Intelligence},
  YEAR =         {1991},
  address =      {Anaheim, CA},
}

@INPROCEEDINGS{mataric94,
  AUTHOR =       {M. J. Mataric},
  TITLE =        {Reward functions for accelerated learning},
  BOOKTITLE =    {Proceedings of the Eleventh International Conference on Machine Learning},
  YEAR =         {1994},
  editor =       {W. W. Cohen and H. Hirsh},
  publisher =    {Morgan Kaufmann},
}

@ARTICLE{mcauley99,
  AUTHOR =       {J. H. McAuley and J. C. Rothwell and C. D. Marsden},
  TITLE =        {Human anticipatory eye movements may reflect rhythmic central nervous activity},
  JOURNAL =      {Neuroscience},
  YEAR =         {1999},
  volume =       {94},
  number =       {2},
  pages =        {339-350},
}

@PHDTHESIS{mccallum95,
  AUTHOR =       {A. K. McCallum},
  TITLE =        {Reinforcement learning with selective perception and hidden state},
  SCHOOL =       {University of Rochester, Computer Science Department},
  YEAR =         {1995},
}

@ARTICLE{mccallum96,
  AUTHOR =       {R. A. McCallum},
  TITLE =        {Hidden state and reinforcement learning with instance-based state identification},
  JOURNAL =      {IEEE Transactions on Systems, Man, and Cybernetics---Part B: Cybernetics},
  YEAR =         {1996},
  volume =       {26},
  number =       {3},
  pages =        {464-473},
  month =        {June},
}

@ARTICLE{mckinstry06,
  AUTHOR =       {J. L. McKinstry and G. M. Edelman and J. L. Krichmar},
  TITLE =        {A cerebellar model for predicitive motor control tested in a brain-based device},
  JOURNAL =      {Proceedings of the National Academy of Sciences},
  YEAR =         {2006},
  volume =       {103},
  number =       {9},
  pages =        {3387-3392},
}

@ARTICLE{michalski83,
  AUTHOR =       {R. S. Michalski and R. Stepp},
  TITLE =        {Automated construction of classifications: Conceptual clustering versus numerical taxonomy},
  JOURNAL =      {IEEE Trans on Pattern Analysis and Machine Intelligence},
  YEAR =         {1983},
  volume =       {5},
  number =       {4},
  pages =        {396-410},
  month =        {July},
}

@INPROCEEDINGS{michel08,
  AUTHOR =       {O. Michel and F. Rohrer and Y van Bourquin},
  TITLE =        {{Rat's Life}: A cognitive robotics benchmark},
  BOOKTITLE =    {Proc 2008 European Robotics Sympoiusm},
  YEAR =         {2008},
  editor =       {H. Bruyninckx et al.},
  volume =       {STAR 44},
  pages =        {223-232},
  address =      {Berlin Heidelberg},
  publisher =    {Springer-Verlag},
}

@ARTICLE{miller91,
  AUTHOR =       {G. Miller and W. Charles},
  TITLE =        {Contextual correlates of semantic similarity},
  JOURNAL =      {Language and Cognitive Processes},
  YEAR =         {1991},
  volume =       {6},
  number =       {1},
  pages =        {1-28},
}

@Article{milner92,
  author =   {T. E. Milner},
  title =    {A model for the generation of movements requiring endpoint precision},
  journal =      {Neuroscience},
  year =     1992,
  volume =   49,
  pages =    {365-374}
}

@BOOK{minsky69,
  AUTHOR =       {M. Minsky and S. Papert},
  TITLE =        {Perceptrons: An Introduction to Computational Geometry},
  PUBLISHER =    {MIT Press},
  YEAR =         {1969},
  address =      {Cambridge},
}

@INPROCEEDINGS{mitchell90,
  AUTHOR =       {T. M. Mitchell},
  TITLE =        {Becoming increasingly reactive},
  BOOKTITLE =    {Proceedings of the Eighth National Conferennce on Artificial Intelligence},
  YEAR =         {1990},
  pages =        {1051-1058},
  address =      {Boston, MA},
}

@BOOK{mlodinow08,
  AUTHOR =       {L. Mlodinow},
  TITLE =        {The Drunkard's Walk: How Randomness Rules Our Lives, 8th Printing Edition},
  PUBLISHER =    {Pantheon},
  YEAR =         {2008},
  note =         {See Chapter 1},
}

@ARTICLE{montavon11,
  AUTHOR =       {G. Montavon and M. L. Braun and K.-R. M\"{u}ller},
  TITLE =        {Kernel analysis of deep networks},
  JOURNAL =      {Journal of Machine Learning Research},
  YEAR =         {2011},
  volume =       {12},
  pages =        {2563-2581},
}

@PHDTHESIS{moore90,
  AUTHOR =       {A. Moore},
  TITLE =        {Efficient Memory-Based Learning for Robot Control},
  SCHOOL =       {University of Cambridge},
  YEAR =         {1990},
}

@ARTICLE{moore95,
  AUTHOR =       {A. W. Moore and C. G. Atkeson},
  TITLE =        {The parti-game algorithm for variable resolution reinforcement learning in multidimensional state-spaces},
  JOURNAL =      {Machine Learning},
  YEAR =         {1995},
  volume =       {21},
  pages =        {199-233},
}

@INPROCEEDINGS{morimoto03,
  AUTHOR =       {J. Morimoto and G. Zeglin and C. G. Atkeson},
  TITLE =        {Minimax differential dynamic programming: Application to a biped walking robot},
  BOOKTITLE =    {Proceedings of the IEEE/RSJ Intl. Conference on Intellignet Robots and Systems},
  YEAR =         {2003},
  pages =        {1927-1932},
}

@ARTICLE{morris81,
  AUTHOR =       {R. G. M. Morris},
  TITLE =        {Spatial localization does not require the presence of local cues},
  JOURNAL =      {Learning and Motivation},
  YEAR =         {1981},
  volume =       {12},
  number =       {2},
  pages =        {239-260},
}

@ARTICLE{morse10,
  AUTHOR =       {A. F. Morse and J. de Greeff and T. Belpeame and A. Cangelosi},
  TITLE =        "{Epigenetic Robotics Architecture (ERA)}",
  JOURNAL =      {IEEE Transactions on Autonomous Mental Development},
  YEAR =         {2010},
  volume =       {2},
  number =       {4},
  pages =        {325-339},
}

@INPROCEEDINGS{mueller08,
  AUTHOR =       {S. T. Mueller and B. S. Minnery},
  TITLE =        {Adapting the {Turing Test} for embodied neurocognitive evaluation of biologically-inspired cognitive agents},
  BOOKTITLE =    {Proc. 2008 AAAI Fall Symposium on Biologically Inspired Cognitive Architectures},
  YEAR =         {2008},
  address =      {Washington, D. C.},
  month =        {November},
}

@MISC{netflix09,
  author =       {Netflix},
  title =        {Netflix Prize Homepage},
  YEAR =         {2009},
  note =         {http://www.netflixprize.com/, Accessed September 23, 2009},
}

@ARTICLE{nilsson95,
  AUTHOR =       {N. J. Nilsson},
  TITLE =        {Eye on the prize},
  JOURNAL =      {AI Magazine},
  YEAR =         {1995},
  volume =       {16},
  number =       {2},
  pages =        {9-17},
}

@MISC{nips03,
  author =       {{Neural Information Processing Systems}},
  title =        {{NIPS Feature Extraction Challenge}},
  year =         {2003},
  note =         {http://www.nipsfsc.ecs.soton.ac.uk/, Accessed April 25, 2011},
}

@ARTICLE{oudeyer07,
  AUTHOR =       {P.-Y. Oudeyer F. Kaplan and V. Hafner},
  TITLE =        {Intrinsic motivation systems for autonomous mental development},
  JOURNAL =      {IEEE Transactions on Evolutionary Computation},
  YEAR =         {1995},
  volume =       {11},
  number =       {2},
  pages =        {265-286},
}

@ARTICLE{pezzulo11,
  AUTHOR =       {G. Pezzulo and L. W. Barsalou and A. Cangelosi and M. H. Fischer and K. McRae and M. J. Spivey},
  TITLE =        {The mechanics of embodiment: A dialog on embodiment and computational modeling},
  JOURNAL =      {Frontiers in Psychology},
  YEAR =         {2011},
  volume =       {2},
}

@ARTICLE{pierce97,
  AUTHOR =       {D. Pierce and B. J. Kuipers},
  TITLE =        {Map learning with uninterpretet sensors and effectors},
  JOURNAL =      {Artificial Intelligence},
  YEAR =         {1997},
  volume =       {92},
  pages =        {169-227},
}

@BOOK{pfeifer07,
  AUTHOR =       {R. Pfeifer and J. Bongard},
  TITLE =        {How the Body Shapes the Way We Think: A New View of Intelligence},
  PUBLISHER =    {MIT Press},
  YEAR =         {2007},
  address =      {Cambridge, Massachusetts},
}

@ARTICLE{phillips88,
  AUTHOR =       {J. R. Phillips and K. O. Johnson and S. S. Hsiao},
  TITLE =        {Spatial pattern representation and transformation in monkey somatosensory cortex},
  JOURNAL =      {Proceedings of the National Academy of Sciences},
  YEAR =         {1988},
  volume =       {85},
  pages =        {1317-1321},
}

@ARTICLE{plunkett92,
  AUTHOR =       {K. Plunkett and C. Sinha and M. F. M\o ller and O. Strandsby},
  TITLE =        {Symbol grounding or the emergence of symbols? Vocabulary growth in children and a connectionist net},
  JOURNAL =      {Connection Science},
  YEAR =         {1992},
  volume =       {4},
  number =       {3 and 4},
  pages =        {293-312},
}

@ARTICLE{pratt96,
  AUTHOR =       {L. Pratt and B. Jennings},
  TITLE =        {A survey of connectionist network reuse through transfer},
  JOURNAL =      {Connection Science},
  YEAR =         {1996},
  volume =       {8},
  number =       {2},
}

@ARTICLE{putnam67,
  AUTHOR =       {H. Putnam},
  TITLE =        {The `innateness hypothesis' and explanatory models in linguistics},
  JOURNAL =      {Synthese},
  YEAR =         {1967},
  volume =       {17},
  pages =        {12-22},
}

@ARTICLE{purves96,
  author =       {Purves, D. and Paydarfar, J. A. and Andrews, T. J.},
  title =        {The wagon wheel illusion in movies and reality},
  journal =      {Proceedings of the National Academy of Sciences USA},
  year =         {1996},
  volume =       {93},
  pages =        {3693-3697}
}

@INPROCEEDINGS{pyeatt01,
  AUTHOR =       {L. D. Pyeatt and A. E. Howe},
  TITLE =        {Decision tree function approximation in reinforcement learning},
  BOOKTITLE =    {Proceedings of the Third International Symposium on Adaptive Systems: Evolutionary Computationand Probabalistic Graphical Models},
  YEAR =         {2001},
  pages =        {70-77},
}

@ARTICLE{quinlan87,
  AUTHOR =       {J. R. Quinlan},
  TITLE =        {Simplifying decision trees},
  JOURNAL =      {International Journal of Man-Machine Studies},
  YEAR =         {1987},
  volume =       {27},
  pages =        {221-234},
}

@BOOK{quinlan93,
  AUTHOR =       {J. R. Quinlan},
  TITLE =        {C4.5: Programs for Machine Learning},
  PUBLISHER =    {Morgan Kaufmann},
  YEAR =         {1993},
}

@ARTICLE{ram97,
  AUTHOR =       {A. Ram and J. C. Santamria},
  TITLE =        {Continuous case-based reasoning},
  JOURNAL =      {Artificial Intelligence},
  YEAR =         {1997},
  volume =       {90},
  pages =        {25-77},
}

@MISC{robocup09,
  author =       {{The RoboCup Federation}},
  title =        {{RoboCup Homepage}},
  howpublished =          {http://www.robocup.org/},
  year =         {2009},
  note =         {Accessed September 22, 2009},
}

@MISC{robocuphome09,
  author =       {{The RoboCup Federation}},
  title =        {{RoboCup\@Home Homepage}},
  year =         {2009},
  note =         {http://www.ai.rug.nl/ robocupathome/, Accessed November 12, 2009},
}

@ARTICLE{rodriguez04,
  AUTHOR =       {A. Rodriguez and J. Whitson and R. Granger},
  TITLE =        {Derivation and analysis of basic computational operations of thalamocortical circuits},
  JOURNAL =      {Journal of Cognitive Neuroscience},
  YEAR =         {2004},
  volume =       {16},
  number =       {5},
  pages =        {856-877},
}

@ARTICLE{rohrer04,
  AUTHOR =       {B. Rohrer and S. Fasoli and H. I. Krebs and B. Volpe and W. R. Frontera and J. Stein and N. Hogan},
  TITLE =        {Submovements grow larger, fewer, and more blended during stroke recovery},
  JOURNAL =      {Motor Control},
  YEAR =         {2004},
  volume =       {8},
  number =       {4},
  pages =        {472-483},
}

@INPROCEEDINGS{rohrer07,
  AUTHOR =       {B. Rohrer},
  TITLE =        {S-learning: A Biomimetic Algorithm for
Learning, Memory, and Control in Robots},
  BOOKTITLE =    {Proceedings of the 3rd International IEEE EMBS Conference on Neural Engineering},
  YEAR =         {2007},
}

@INPROCEEDINGS{rohrer08,
  AUTHOR =       {B. Rohrer},
  TITLE =        {Robust performance of autonomous robots in unstructured environments},
  BOOKTITLE =    {Proceedings of the American Nuclear Society 2nd International Joint Topical Meeting on Emergency Preparedness and Response and Robotics and Remote Systems},
  YEAR =         {2008},
}

@INPROCEEDINGS{rohrer09a,
  AUTHOR =       {B. Rohrer},
  TITLE =        {Model-free learning and control in a mobile robot},
  BOOKTITLE =    {Proceedings of the Fifth International Conference on Natural Computation},
  YEAR =         {2009},
}

@INPROCEEDINGS{rohrer09b,
  AUTHOR =       {B. Rohrer and J.D. Morrow and F. Rothganger and P.G. Xavier},
  TITLE =        {Concepts from data},
  BOOKTITLE =    {Proceedings of the Brain-Inspired Cognitive Architectures Symposium, AAAI Fall Symposium Series},
  YEAR =         {2009},
}

@MISC{rohrer09Video,
  author =       {B. Rohrer},
  title =        {Robot learning with a biologically-inspired brain (BECCA)},
  howpublished = {http://www.youtube.com/watch?v=mJ8LMMHsUf8},
  year =         {2009},
}

@MISC{rohrer09Code,
  author =       {B. Rohrer},
  title =        {BECCA sourceforge repository},
  howpublished = {http://becca.sourceforge.net},
  year =         {2009},
}

@MISC{rohrer10Code,
  author =       {B. Rohrer},
  title =        "{BECCA code page}",
  howpublished = {http://www.sandia.gov/rohrer/code.html},
  year =         {2010},
}

@INPROCEEDINGS{rohrer10a,
  AUTHOR =       {B. Rohrer},
  TITLE =        {Concept acquisition for dialog agents},
  BOOKTITLE =    {Symposium on Linguistic and Cognitive Approaches to Dialog Agents, Convention of the Society for the Study of Artificial Intelligence and Simulation of Behaviour},
  YEAR =         {2010},
}

@INPROCEEDINGS{rohrer10b,
  AUTHOR =       {B. Rohrer},
  TITLE =        {kx-trees: An unsupervised learning method for use in developmental agents},
  BOOKTITLE =    {9th International Conference on Development and Learning},
  YEAR =         {2010},
}

@INPROCEEDINGS{rohrer10c,
  AUTHOR =       {B. Rohrer and J. D. Morrow and P. Xavier and F. Rothganger},
  TITLE =        {BECCA: A BICA for arbitrary robots in unknown worlds},
  BOOKTITLE =    {First International Conference on Biologcally-Inspired Cognitive Architectures},
  YEAR =         {2010},
}

@ARTICLE{rohrer10d,
  AUTHOR =       {B. Rohrer},
  TITLE =        {Accelerating progress in Artificial General
Intelligence: Choosing a benchmark for natural world interaction},
  JOURNAL =      {Journal of Artificial General Intelligence},
  YEAR =         {2010},
  volume =       {2},
  pages =        {1-28},
}
@MISC{rohrer11Code,
  author =       {B. Rohrer},
  title =        "{BECCA code page}",
  howpublished = {http://www.sandia.gov/rohrer/code.html},
  year =         {2011},
}

@INPROCEEDINGS{rohrer11a,
  AUTHOR =       {B. Rohrer},
  TITLE =        {An implemented architecture for feature creation and general reinforcement learning},
  BOOKTITLE =    {Workshop on Self-Programming, 4th International Conference on Artificial General Intelligence},
  YEAR =         {2011},
}

@INPROCEEDINGS{rohrer11b,
  AUTHOR =       {B. Rohrer},
  TITLE =        {A developmental agent for learning features, environment models, and general tasks},
  BOOKTITLE =    {First Joint International Conference on Development and Learning and Epigenetic Robotics},
  YEAR =         {2011},
}

@INPROCEEDINGS{rohrer11c,
  AUTHOR =       {B. Rohrer},
  TITLE =        {Biologically inspired feature creation for multi-sensory perception},
  BOOKTITLE =    {Second International Conference on Biologicall Inspired Cognitive Architectures},
  YEAR =         {2011},
}

@MISC{rohrer11BicaSuppA,
  author =       {B. Rohrer},
  title =        "{Watch task features}",
  howpublished = {http://www.sandia.gov/rohrer/doc/Rohrer11BicaSuppA.pdf},
  year =         {2011},
}

@MISC{rohrer11BicaSuppB,
  author =       {B. Rohrer},
  title =        "{Listen task features}",
  howpublished = {http://www.sandia.gov/rohrer/doc/Rohrer11BicaSuppB.pdf},
  year =         {2011},
}

@MISC{rohrer11AudioFeaturesMp4,
  author =       {B. Rohrer},
  title =        "{Automatically created audio features}",
  howpublished = {http://www.sandia.gov/rohrer/video/AudioFeatures.mp4},
  year =         {2011},
}

@MISC{rohrer12a,
  AUTHOR =       {B. Rohrer},
  title =        {\textsc{Becca} 0.4.0 User's Guide},
  year =         {2012},
}

@INPROCEEDINGS{rohrer12b,
  AUTHOR =       {B. Rohrer},
  TITLE =        {\textsc{Becca}: Reintegrating AI for Natural World Interaction},
  BOOKTITLE =    {Proceedings of the AAAI Spring Symposium on on Designing Intelligent Robots: Reintegrating AI},
  YEAR =         {2012},
}

@BOOK{rokach08,
  AUTHOR =       {L. Rokach and O. Maimon},
  editor =       {H. Bunke and P. S. P. Wang},
  TITLE =        {Data Mining with Decision Trees: Theory and Applications},
  PUBLISHER =    {World Scientific Publishing Co.},
  YEAR =         {2008},
  volume =       {69},
  series =       {Machine perception and artificial intelligence},
  address =      {Singapore},
}

@ARTICLE{rosch73,
  AUTHOR =       {E. H. Rosch},
  TITLE =        {Natural categories},
  JOURNAL =      {Cognitive Psychology},
  YEAR =         {1973},
  volume =       {4},
  pages =        {328-350},
}

@ARTICLE{rosch75,
  AUTHOR =       {E. H. Rosch},
  TITLE =        {Cognitive representation of semantic categories},
  JOURNAL =      {Journal of Experimental Psychology},
  YEAR =         {1975},
  volume =       {104},
  number =       {3},
  pages =        {192-233},
}

@ARTICLE{rubenstein65,
  AUTHOR =       {H. Rubenstein and J. B. Goodenough},
  TITLE =        {Contextual correlates of synonymy},
  JOURNAL =      {Computational Linguistics},
  YEAR =         {1965},
  volume =       {8},
  number =       {10},
  pages =        {627-633},
  month =        {October},
}

@INPROCEEDINGS{schaffer94,
  AUTHOR =       {C. Schaffer},
  TITLE =        {A conservation law for generalization performance},
  BOOKTITLE =    {Proceedings of the 11th International Conference on Machine Learning},
  YEAR =         {1994},
  editor =       {W. W. Cohen and H. Hirsch},
  pages =        {259-265},
  publisher =    {Morgan Kaufman},
}

@misc{schelstraete96,
  author = {M.-A. Schelstraete},
  title = "{Use of 3CAPS Architecture to Simulate Inhibition Processes in Grammatical
    Assignment}",
  note = {citeseer.ist.psu.edu/schelstraete96use.html}
}

@INBOOK{schmidhuber98,
  AUTHOR =       {J. Schmidhuber and J. Zhao and N. N. Schraudolph},
  editor =       {S. Thrun and L. Pratt},
  TITLE =        {Learning to Learn},
  CHAPTER =      {Reinforcement learning with self-modifying policies},
  pages =        {293-310},
  PUBLISHER =    {Kluwer Academic Publishers},
  YEAR =         {1998},
}

@ARTICLE{schmidhuber04,
  AUTHOR =       {J. Schmidhuber},
  TITLE =        {Optimal ordered problem solver},
  JOURNAL =      {Machine Learning},
  YEAR =         {2004},
  volume =       {54},
  pages =        {211-254},
}

@ARTICLE{schmidhuber09,
  AUTHOR =       {J. Schmidhuber},
  TITLE =        {Ultimate cognition {\em \`{a} la} {G}\"{o}del},
  JOURNAL =      {Cognitive Computing},
  YEAR =         {2009},
  volume =       {1},
  pages =        {177-193},
}

@INBOOK{schrijver05,
  AUTHOR =       {A. Schrijver},
  editor =       {K. Aardal and G. L. Nemhauser and R. Weismantel},
  TITLE =        {Handbook of Discrete Optimization},
  CHAPTER =      {On the history of combinatorial optimization (till 1960)},
  pages =        {1-68},
  PUBLISHER =    {Elsevier},
  YEAR =         {2005},
  address =      {Amsterdam},
}

@ARTICLE{searle80,
  AUTHOR =       {J. Searle},
  TITLE =        {Minds, brains, and programs},
  JOURNAL =      {Behavioral and Brain Sciences},
  YEAR =         {1980},
  volume =       {3},
  number =       {3},
  pages =        {417-457},
}

@MISC{shadowHand08,
  author =       {Shadow Robot Company},
  title =        "{The Shadow Hand}",
  howpublished = {Web site},
  year =         {Retrieved January 3, 2008},
  note =         {http://www.shadowrobot.com/hand/},
}

@ARTICLE{sharma00,
  AUTHOR =       {J. Sharma and A. Angelucci and M. Sur},
  TITLE =        {Induction of visual orientation modules in auditory cortex},
  JOURNAL =      {Nature},
  YEAR =         {2000},
  volume =       {404},
  pages =        {841-847},
}

@INPROCEEDINGS{shepard68,
  AUTHOR =       {D. Shepard},
  TITLE =        {A two-dimensional interpolation function for irregularly spaced data},
  BOOKTITLE =    {Proceedings of the 23rd Association for Computing Machinery National Conference},
  YEAR =         {1968},
  pages =        {517-524},
  notes =        {August 27-29},
}

@INPROCEEDINGS{sinapov11,
  AUTHOR =       {J. Sinapov and A.Stoytchev},
  TITLE =        {Object Category Recognition by a Humanoid Robot Using Behavior-Grounded Relational Learning},
  BOOKTITLE =    {Proceedings of the 2011 IEEE International Conference on Robotics and Automation (ICRA)},
  YEAR =         {2011},
  address =      {Shanghai, China},
}

@ARTICLE{singer99,
  AUTHOR =       {W. Singer},
  TITLE =        {Neuronal synchrony: a versatile code for the definition of relations?},
  JOURNAL =      {Neuron},
  YEAR =         {1999},
  volume =       {24},
  pages =        {49-65},
}

@ARTICLE{stolle06,
  AUTHOR =       {M. Stolle and C. G. Atkeson},
  TITLE =        {Policies based on trajectory libraries},
  JOURNAL =      {Proceedings of the International Conference on Robotics and Automation},
  YEAR =         {2006},
}

@ARTICLE{stoytchev04,
  AUTHOR =       {A. Stoytchev and R. Arkin},
  TITLE =        {Incorporating motivation in a hybrid robot architecture},
  JOURNAL =      {Journal of Advanced Computational Intelligence and Intelligent Informatics},
  YEAR =         {2004},
  volume =       {8},
  number =       {3},
  pages =        {269-274},
}

@INPROCEEDINGS{sukhoy10,
  AUTHOR =       {V. Sukhoy and A. Stoytchev},
  TITLE =        {Learning to Detect the Functional Components of Doorbell Buttons Using Active Exploration and Multimodal Correlation},
  BOOKTITLE =    {Proceedings of the 10th IEEE International Conference on Humanoid Robots},
  YEAR =         {2010},
  pages =        {572-579},
  address =      { Nashville, Tennessee},
}

@INPROCEEDINGS{sutton91,
  AUTHOR =       {R. S. Sutton},
  TITLE =        {Planning by incremental dynamic programming},
  BOOKTITLE =    {Proceedings of the Eighth International Workshop on Machine Learning},
  YEAR =         {1991},
  pages =        {353-357},
  PUBLISHER =    {Morgan Kaufmann},
}

@BOOK{sutton98,
  AUTHOR =       {R. S. Sutton and A. G. Barto},
  TITLE =        {Reinforcement Learning: An Introduction},
  PUBLISHER =    {MIT Press},
  address =      {Cambridge, Massachusetts},
  YEAR =         {1998},
}

@INPROCEEDINGS{sutton11,
  AUTHOR =       {R. S. Sutton and J. Modayil and M. Delp and T. Degris and P. M. Pilarski and A. White and D. Precup},
  TITLE =        {Horde: A scalable real-time architecture for learning knowledge from unsupervised sensorimotor interaction},
  BOOKTITLE =    {Proceedings of the 10th International Conference on Autonomous Agents and Multiagent Systems},
  YEAR =         {2011},
  address =      {Taipei, Taiwan},
}

@ARTICLE{tarraf08,
  AUTHOR =       {D. C. Tarraf and A. Megretski and M. A. Dahleh},
  TITLE =        {A framework for robust stability of systems over finite alphabets},
  JOURNAL =      {IEEE Transactions on Automatic Control},
  YEAR =         {2008},
  volume =       {},
  number =       {},
  pages =        {},
  month =        {June},
  note =         {To appear as a regular paper in the IEEE Transactions on Automatic Control (scheduled for June 2008)},
  source =       {http://www.cds.caltech.edu/\textasciitilde{}dtarraf/publications.htm},
}

@INBOOK{tassa08,
  AUTHOR =       {Y. Tassa and T. Erez and B. Smart},
  editor =       {J. Platt and D. Koller and Y. Singer and S. Roweis},
  TITLE =        {Advances in Neural Information Processing Systems},
  CHAPTER =      {Receding horizon differential dynamic programming},
  pages =        {1465-1472},
  PUBLISHER =    {MIT Press},
  YEAR =         {2008},
  address =      {Cambridge, MA},
}

@INBOOK{tenenbaum99,
  AUTHOR =       {J. B. Tenenbaum},
  TITLE =        {Advances in Neural Information Processing Systems 11},
  CHAPTER =      {Bayesian modeling of human concept learning},
  PUBLISHER =    {MIT Press},
  YEAR =         {1999},
  address =      {Cambridge, MA},
}

@ARTICLE{tesauro94,
  AUTHOR =       {G. Tesauro},
  TITLE =        "{TD-Gammon, a self-teaching backgammon program, achieves master-level play}",
  JOURNAL =      {Neural Computation},
  YEAR =         {1994},
  volume =       {6},
  number =       {2},
  pages =        {215-219},
}

@ARTICLE{tesauro95,
  AUTHOR =       {G. Tesauro},
  TITLE =        "{Temporal difference learning and TD-Gammon}",
  JOURNAL =      {Communications of the ACM},
  YEAR =         {1995},
  volume =       {38},
  number =       {3},
  pages =        {53-67},
}

@INBOOK{thrun98,
  AUTHOR =       {S. Thrun and L. Pratt},
  editor =       {S. Thrun and L. Pratt},
  TITLE =        {Learning to Learn},
  CHAPTER =      {Learning to Learn: Introduction and Overview},
  pages =        {3-18},
  PUBLISHER =    {Kluwer Academic Publishers},
  YEAR =         {1998},
}

@INBOOK{tino08,
  AUTHOR =       {P. Tino and B. Hammer and M. Bod\'{e}n},
  _editor =       {B. Hammer and P. Hitzler},
  TITLE =        {Perspectives of Neural-Symbolic Integration},
  CHAPTER =      {5. Markovian bias of neural-based architectures with feedback connections},
  pages =        {95-133},
  PUBLISHER =    {Springer-Verlag},
  YEAR =         {2007},
  volume =       {77},
  address =      {Heidelberg, Germany},
}

@ARTICLE{todorov02,
  AUTHOR =       {E. Todorov and M. I. Jordan},
  TITLE =        {Optimal feedback control as a theory of motor coordination},
  JOURNAL =      {Nature Neuroscience},
  YEAR =         {2002},
  volume =       {5},
  number =       {11},
  pages =        {1226-1235},
}

@ARTICLE{torkkola03,
  AUTHOR =       {K. Torkkola},
  TITLE =        {Feature extraction by non-parametric mutual information maximization},
  JOURNAL =      {Journal of Machine Learning Research},
  YEAR =         {2003},
  volume =       {3},
  pages =        {1415-1438},
}

@ARTICLE{turing50,
  AUTHOR =       {A. M. Turing},
  TITLE =        {Computing machinery and intelligence},
  JOURNAL =      {Mind},
  YEAR =         {1950},
  volume =       {59},
  pages =        {433-460},
}

@INPROCEEDINGS{uther98,
  AUTHOR =       {W. T. B. Uther and M. M. Veloso},
  TITLE =        {Tree based discretization for continuous state space reinforcement learning},
  BOOKTITLE =    {Proceedings of the Sixteenth National Conference on Artificial Intelligence (AAAI-98)},
  YEAR =         {1998},
  address =      {Madison, WI},
}

@INBOOK{uther03,
  AUTHOR =       {W. T. B. Uther and M. M. Veloso},
  editor =       {E. Alonso and D. Kudenko and D. Kazkov},
  TITLE =        {Adaptive Agents in Multi-Agent Systems: Adaptation and Multi-Agent Learning},
  CHAPTER =      {T Tree: Tree-based state generalization with temporally abstract actions},
  pages =        {266-296},
  PUBLISHER =    {Springer},
  YEAR =         {2003},
  volume =       {2636},
  series =       {Lecture Notes in Computer Science},
}

@Article{vallbo93,
  author =   {\AA. B. Vallbo and J. Wessberg},
  title =    {Organization of motor output in slow finger movements in man},
  journal =      {Journal of Physiology},
  year =     1993,
  volume =   469,
  pages =    {673-691}
}

@ARTICLE{vanrullen03,
  author =       {VanRullen, R. and Koch, C.},
  title =        {Is perception discrete or continuous?},
  journal =      {Trends in Cognitive Sciences},
  year =         {2003},
  volume =       {7},
  pages =        {207-213},
  notes =         {Martin-Valdiva et al describe an approach to classifying
  the 66 books of a bilingual Bible based on Learning Vector Quantization (LVQ).
  It is notable that this appraoch requires the observation of discrete variables,
  although the paper did not state what these are in this case.},
}

@ARTICLE{veloso95,
  AUTHOR =       {M. Veloso and J. Carbonell and A. Perez and D. Borrajo and E. Fink and J. Blythe},
  TITLE =        "{Integrating planning and learning: The PRODIGY architecture}",
  JOURNAL =      {Journal of Experimental and Theoretical Artificial Intelligence},
  YEAR =         {1995},
  volume =       {7},
  number =       {1},
}

@article{vonhofsten91,
  author =   {C. von Hofsten},
  title =    {Structuring of early reaching movements: A longitudinal study},
  journal =      {Journal of Motor Behavior},
  year =     1991,
  volume =   23,
  number =   4,
  pages =    {280-292},
  notes =    {infants' reaching}
}

@INPROCEEDINGS{wang07,
  AUTHOR =       {X. Wang and A. McCallum and X Wei},
  TITLE =        {Topical N-grams: Phrase and Topic Discovery, with an Application to Information Retrieval},
  BOOKTITLE =    {Proceedings of the 7th IEEE International Conference on Data Mining (ICDM)},
  YEAR =         {2007},
}

@INBOOK{wang08,
  AUTHOR =       {P. Wang},
  _editor =       {P. Wang and B. Goerztel and S. Franklin},
  TITLE =        {Frontiers in Artificial Intelligence Applications},
  CHAPTER =      {What do you mean by {AI}?},
  pages =        {362-373},
  PUBLISHER =    {IOS Press},
  YEAR =         {2008},
  volume =       {171},
}

@ARTICLE{wang08b,
  AUTHOR =       {P. Wang},
  TITLE =        {Editorial: What makes {JAGI} special},
  JOURNAL =      {Journal of Artificial General Intelligence},
  YEAR =         {2008},
  volume =       {1},
  pages =        {1-2},
}

@PHDTHESIS{watkins89,
  AUTHOR =       {C. J. C. H. Watkins},
  TITLE =        {Learning from Delayed Rewards},
  SCHOOL =       {Cambridge University},
  YEAR =         {1989},
  address =      {Cambridge, England},
}

@ARTICLE{watkins92,
  AUTHOR =       {C. J. C. H. Watkins and P. Dayan},
  TITLE =        {Technical note: Q-learning},
  JOURNAL =      {Machine Learning},
  YEAR =         {1992},
  volume =       {8},
  number =       {3-4},
  pages =        {279-292},
  month =        {May},
}

@BOOK{weiner48,
  AUTHOR =       {N. Weiner},
  TITLE =        {Cybernetics},
  PUBLISHER =    {MIT Press},
  YEAR =         {1948},
  address =      {Cambridge, Massachusetts},
}

@ARTICLE{weng03,
  AUTHOR =       {J. Weng and W. Hwang},
  TITLE =        {Online image classification using IHDR},
  JOURNAL =      {International Journal on Document Analysis and Recognition},
  YEAR =         {2003},
  volume =       {5},
  number =       {2-3},
  pages =        {118-125},
}

@INPROCEEDINGS{weng05,
  AUTHOR =       {J. Weng},
  TITLE =        {Muddy tasks and the necessity of autonomous mental development},
  BOOKTITLE =    {Proc. 2005 AAAI Spring Symposium Series, Developmental Robotics Symposium},
  YEAR =         {2005},
  address =      {Stanford University},
  month =        {Mar 21-23},
}

@ARTICLE{weng09,
  AUTHOR =       {J. Weng},
  TITLE =        {Task muddiness, intelligence metrics, and the necessity of autonomous mental development},
  JOURNAL =      {Minds and Machines},
  YEAR =         {2009},
  volume =       {19},
  pages =        {93-115},
}

@ARTICLE{wessberg99,
  AUTHOR =       {J. Wessberg and N. Kakuda},
  TITLE =        {Single motor unit activity in relation to pulsatile motor output in human finger movements},
  JOURNAL =      {The Journal of Physiology},
  YEAR =         {1999},
  volume =       {517},
  pages =        {273-285},
}

@ARTICLE{weston03,
  AUTHOR =       {J. Weston and A. Elisseff and B. Schoelkopf and M. Tipping},
  TITLE =        {Use of the zero norm with linear models and kernel methods},
  JOURNAL =      {Journal of Machine Learning Research},
  YEAR =         {2003},
  volume =       {3},
  pages =        {1439-1461},
}

@INBOOK{witten91,
  AUTHOR =       {I. Witten and D. Maulsby},
  TITLE =        {New Results and New Trends in Computer Science},
  CHAPTER =      {Evaluating Programs Formed by Example: An Informational Heuristic},
  pages =        {388-402},
  PUBLISHER =    {Springer-Verlag},
  YEAR =         {1991},
}

@INBOOK{witten93,
  AUTHOR =       {I. H. Witten},
  editor =       {A. Cypher},
  TITLE =        {Watch What I Do},
  CHAPTER =      {A predictive calculator},
  pages =        {67-78},
  PUBLISHER =    {MIT Press},
  YEAR =         {1993},
  address =      {Cambridge, MA},
}

@ARTICLE{wolpert92,
  AUTHOR =       {D. H. Wolpert},
  TITLE =        {On the connection between in-sample testing and generalization error},
  JOURNAL =      {Complex Systems},
  YEAR =         {1992},
  volume =       {6},
  pages =        {47-94},
}

@ARTICLE{wolpert98,
  AUTHOR =       {D. M. Wolpert and M. Kawato},
  TITLE =        {Multiple paired forward and inverse models for motor control},
  JOURNAL =      {Neural Networks},
  YEAR =         {1998},
  volume =       {11},
  pages =        {1317-1329},
}

@ARTICLE{wordnet10,
  AUTHOR =       {Princeton University},
  TITLE =        {About WordNet},
  JOURNAL =      {WordNet},
  YEAR =         {2010},
  note =         {http://wordnet.princeton.edu},
}

@Article{woodworth99,
  author =   {R. S. Woodworth},
  title =    {The accuracy of voluntary movement},
  journal =      {Psychology Review Monogr Suppl},
  year =     1899,
  notes =    {First to show intermittent nature of movement}
}

@INPROCEEDINGS{wray03,
  AUTHOR =       {R. E. Wray and R. S. Chong},
  TITLE =        {Explorations of quantitative category learning wiht symbolic concept acquisition},
  BOOKTITLE =    {Proc 5th Intl Conf on Cognitive Modeling (ICCM)},
  YEAR =         {2003},
  address =      {Bamberg, Germany},
  month =        {April},
}
@INPROCEEDINGS{wray07,
  AUTHOR =       {R. Wray and C. Lebiere},
  TITLE =        {Metrics for cognitive architecture evaluation},
  BOOKTITLE =    {Proceedings of the AAAI-07 Workshop on Evaluating Architectures for Intelligence},
  YEAR =         {2007},
  address =      {Vancouver, B. C.},
}
